%%
%% This is file `insight_proposal.bib',
%% generated with the docstrip utility.
%%
%% The original source files were:
%%
%% sshrc-insight.dtx  (with options: `insightproposalbib')
%% 
%% This is a generated file.
%% 
@article{art1,
  author    = {Ferenc Farkas and Lili Lakatos and Fruzsina Fekete},
  author+an = {1=student;3=student},
  title     = {A new approach to underwater basket-weaving},
  journal   = {Journal of Underwater Basket-weaving},
  pages     = {107--113},
  year      = 2024,
}

@article{art2,
  author    = {Lili Lakatos},
  title     = {An old approach to underwater basket-weaving},
  journal   = {Journal of Underwater Basket-weaving},
  pages     = {21--35},
  year      = 2021,
  keywords  = {sshrc},
}
\endinput
%%
%% End of file `insight_proposal.bib'.
